

@ARTICLE{Cohen1954,
  author = {S. S. Cohen and H. D. Barner},
  title = {Studies On Unbalanced Growth In {\em Escherichia coli}},
  journal = {Proc. Natl. Acad. Sci. U.S.A.},
  year = {1954},
  volume = {40},
  pages = {885--893},
  number = {10}
}


@ARTICLE{Kovarova-Kovar1998,
  author = {K. Kov\'{a}rov\'{a}-Kovar and T. Egli},
  title = {Growth kinetics of suspended microbial cells: from single-substrate-controlled
	growth to mixed-substrate kinetics.},
  journal = {Microbiol. Mol. Biol. Rev.},
  year = {1998},
  volume = {62},
  pages = {646--666},
  number = {3}
}

@ARTICLE(scott_science,
 author = {M. Scott and C. W. Gunderson and E. M. Mateescu and Z. Zhang and T. Hwa},
 title = {{Interdependence of cell growth and gene expression: Origins and consequences.}},
 journal = {Science},
 year = {2010},
 volume = {330},
 pages = {1099}
)

@ARTICLE(kohanski,
 author = {M. A. Kohanski and D. J. Dwyer and J. J. Collins},
 title = {How antibiotics kill bacteria: from targets to networks},
 journal = {Nat. Rev. Microbiol.},
 year = {2010},
 volume = {8},
 pages = {423--435}
)

@ARTICLE(levin_ribosome,
 author = {B. R. Levin and I. C. Mc{C}all and V. Perrot and H. Weiss and A. Ovespian and F. Baquero},
 title = {A numbers game: ribosome densities, bacterial growth, and antibiotic-mediated stasis and death},
 journal = {m{B}io},
 year = {2017},
 volume = {8},
 pages = {e02253-16}
)

@ARTICLE(Scott2011,
 author = {M. Scott and T. Hwa},
 title = {{Bacterial growth laws and their applications.}},
 journal = {Curr. Op. Biotech.},
 year = {2011},
 volume = {22},
 pages = {559--65}
)

@INCOLLECTION(maaloe,
 author = {Maal{\o}e, O.},
 title = {Regulation of the protein synthesizing machinery},
 booktitle = {Biological Regulation and Development},
 publisher = {Plenum},
 year = {1979},
 editor = {{R. F. Goldberger}},
 address = {New York}
)

@article{Neidhardt1960,
	Author = {F. Neidhardt and B. Magasanik},
    Title = {Studies on the role of ribonucleic acid in the growth of bacteria},
	Journal = {Biochim. Biophys. Acta},
	Pages = {99--116},
	Volume = 42,
	Year = 1960}

@article{Gralka2017,
	Author = {M. Gralka and D. Fusco and S. Martis and O. Hallatschek},
    Title = {Convection shapes the trade-off between antibiotic efficacy and selection for resistance in spatial gradients},
	Journal = {Phys. Biol.},
	Pages = {045011},
	Volume = 14,
	Year = 2017}

@article{Parsek2008,
	Author = {M. R. Parsek and T. Tolker-{N}ielsen},
    Title = {Pattern formation in {\em{{P}seudomonas aeruginosa}} biofilms},
	Journal = {Curr. Opin. Microbiol.},
	Pages = {560--566},
	Volume = 11,
	Year = 2008}

@article{Gillespie76,
	Author = {D. T. Gillespie},
    Title = {A general method for numerically simulating the stochastic time evolution of coupled chemical reactions},
	Journal = {J. Comp. Phys.},
	Pages = {403--434},
	Volume = 22,
	Year = 1976}

@article{Gillespie77,
	Author = {D. T. Gillespie},
    Title = {Exact stochastic simulation of coupled chemical reactions},
	Journal = {J. Phys. Chem.},
	Pages = {2340--2361},
	Volume = 81,
	Year = 1977}

@article{Skellam,
	Author = {J. G. Skellam},
    Title = {Random dispersal in theoretical populations},
	Journal = {Biometrika},
	Pages = {196--218},
	Volume = 38,
	Year = 1951}
    
@article{Davies2003,
	Author = {D. Davies},
    Title = {Understanding biofilm resistance to antibacterial agents},
	Journal = {Nat. Rev. Drug. Disc.},
	Pages = {114--122},
	Volume = 2,
	Year = 2003}

@article{Mah2001,
	Author = {T.-F. C. Mah and G. A. O'{T}oole},
    Title = {Mechanisms of biofilm resistance to antibacterial agents},
	Journal = {Trends Microbiol.},
	Pages = {34 - 39},
	Volume = 9,
	Year = 2001}

@article{Stewart2002,
	Author = {P. S. Stewart},
    Title = {Mechanisms of antibiotic resistance in bacterial biofilms},
	Journal = {Int. J. Med. Microbiol.},
	Pages = {107--113},
	Volume = 292,
	Year = 2002}
    
@article{Hermsen2016,
	Author = {R. Hermsen},
    Title = {The adaptation rate of a quantitative trait in an environmental gradient},
	Journal = {Phys. Biol.},
	Pages = {065003},
	Volume = 13,
	Year = 2016}  
   
@article{Greulich2017,
  author={P. Greulich and J. Dole{\v{z}}al and M. Scott and M. R Evans and R. J Allen},
  title={Predicting the dynamics of bacterial growth inhibition by ribosome-targeting antibiotics},
  journal={Phys. Biol.},
  volume={14},
  number={6},
  pages={065005},
  url={http://stacks.iop.org/1478-3975/14/i=6/a=065005},
  year={2017}
}

@article{Greulich2012,
  title = {Mutational pathway determines whether drug gradients accelerate evolution of drug-resistant cells},
  author = {P. Greulich and B. Waclaw and R. J. Allen},
  journal = {Phys. Rev. Lett.},
  volume = {109},
  issue = {8},
  pages = {088101},
  numpages = {5},
  year = {2012},
  publisher = {American Physical Society},
  doi = {10.1103/PhysRevLett.109.088101},
  url = {https://link.aps.org/doi/10.1103/PhysRevLett.109.088101}
}

@article {Baym2016,
	author = {M. Baym and T. D.  Lieberman  and E. D. Kelsic and R. Chait and R. Gross and I. Yelin and  R. Kishony},
	title = {Spatiotemporal microbial evolution on antibiotic landscapes},
	volume = {353},
	number = {6304},
	pages = {1147--1151},
	year = {2016},
	doi = {10.1126/science.aag0822},
	publisher = {American Association for the Advancement of Science},
	issn = {0036-8075},
	URL = {http://science.sciencemag.org/content/353/6304/1147},
	eprint = {http://science.sciencemag.org/content/353/6304/1147.full.pdf},
	journal = {Science}
}

@article{Fu2015,
    author = {F. Fu and M. A.  Nowak and S. Bonhoeffer},
    journal = {PLoS Comput. Biol.},
    publisher = {Public Library of Science},
    title = {Spatial Heterogeneity in Drug Concentrations Can Facilitate the Emergence of Resistance to Cancer Therapy},
    year = {2015},
    volume = {11},
    pages = {e1004142},
    number = {3}
}

@article{Mumenthaler2015,
author = {S. M. Mumenthaler and J. Foo and N. C. Choi and N. Heise and K. Leder and D. B. Agus and W. Pao and F. Michor and P. Mallick},
title ={The Impact of Microenvironmental Heterogeneity on the Evolution of Drug Resistance in Cancer Cells},
journal = {Cancer Inf.},
volume = {14},
number = {},
pages = {19--31},
year = {2015}
}

@article {MorenoGamez2015,
	author = {S. Moreno-{G}amez and A. L. Hill and D. I. S. Rosenbloom and D. A. Petrov and M. A. Nowak and P. S. Pennings},
	title = {Imperfect drug penetration leads to spatial monotherapy and rapid evolution of multidrug resistance},
	volume = {112},
	number = {22},
	pages = {E2874--E2883},
	year = {2015},
	publisher = {National Academy of Sciences},
	journal = {Proc. Natl. Acad. Sci. U.S.A.}
}

@article {Greulich2015,
	author = {P. Greulich and M. Scott and M. R. Evans and R. J. Allen},
	title = {Growth-dependent bacterial susceptibility to ribosome-targeting antibiotics},
	volume = {11},
	year = {2015},
	publisher = {EMBO Press},
    pages = {796},
	journal = {Mol. Syst. Biol.}
}

@article {Allen2019,
	author = {R. J. Allen and B. Waclaw},
	title = {Bacterial growth: a statistical physicist's guide},
	volume = {82},
	year = {2019},
    pages = {016601},
	journal = {Rep. Prog. Phys.}
}

@article {Kaushik2015,
	author = {K. S. Kaushik and N. Ratnayeke and P. Katira and V. D. Gordon},
	title = {The spatial profiles and metabolic capabilities of microbial populations impact the growth of antibiotic-resistant mutants},
	volume = {12},
	number = {107},
	year = {2015},
	publisher = {The Royal Society},
	journal = {J. R. Soc., Interface}
}

@article {VenegasOrtiz2014,
	author = {J. Venegas-{O}rtiz and R. J. Allen  and M. R. Evans},
	title = {Speed of Invasion of an Expanding Population by a Horizontally Transmitted Trait},
	volume = {196},
	number = {2},
	pages = {497--507},
	year = {2014},
	publisher = {Genetics},
	journal = {Genetics}
}

@article {Hermsen2012,
	author = {R. Hermsen and J. B. Deris and T. Hwa},
	title = {On the rapidity of antibiotic resistance evolution facilitated by a concentration gradient},
	volume = {109},
	number = {27},
	pages = {10775--10780},
	year = {2012},
	publisher = {National Academy of Sciences},
	journal = {Proc. Natl. Acad. Sci. U.S.A.}
}

@article {AbelzurWiesch2015,
	author = {P. Abel zur {W}iesch and S. Abel and S. Gkotzis and P. Ocampo and J. Engelst{\"a}dter and T. Hinkley and C. Magnus and M. K. Waldor and K. Udekwu and T. Cohen},
	title = {Classic reaction kinetics can explain complex patterns of antibiotic action},
	volume = {7},
	number = {287},
	pages = {287ra73},
	year = {2015},
	journal = {Sci. Transl. Med.}
}

@article{Allen2016,
  author={R. J. Allen and B. Waclaw},
  title={Antibiotic resistance: a physicistâ€™s view},
  journal={Phys. Biol.},
  volume={13},
  number={4},
  pages={045001},
  url={http://stacks.iop.org/1478-3975/13/i=4/a=045001},
  year={2016}
}

@article {Deris2013,
	author = {J. B. Deris and M. Kim and Z. Zhang and H. Okano and R. Hermsen and A. Groisman and T. Hwa},
	title = {The Innate Growth Bistability and Fitness Landscapes of Antibiotic-Resistant Bacteria},
	volume = {342},
	number = {6162},
    pages = {1237435},
	year = {2013},
	journal = {Science}
}

@article{Farrell2013,
  title = {Mechanically Driven Growth of Quasi-Two-Dimensional Microbial Colonies},
  author = {F. D. C. Farrell and O. Hallatschek, and D. Marenduzzo and B. Waclaw},
  journal = {Phys. Rev. Lett.},
  volume = {111},
  issue = {16},
  pages = {168101},
  numpages = {5},
  year = {2013}
}

@article {Wu2014,
	author = {A. Wu and D. Liao and T. D. Tlsty,  and J. C. Sturm and R. H. Austin},
	title = {Game theory in the death galaxy: interaction of cancer and stromal cells in tumour microenvironment},
	volume = {4},
	number = {4},
	year = {2014},
	journal = {Interface Focus}
}

@article {Zhang2011,
	author = {Q. Zhang and G. Lambert and D. Liao and H. Kim and K. Robin and C.-K. Tung and N. Pourmand and R. H. Austin},
	title = {Acceleration of Emergence of Bacterial Antibiotic Resistance in Connected Microenvironments},
	volume = {333},
	number = {6050},
	pages = {1764--1767},
	year = {2011},
	journal = {Science}
}

@article {Wu2013,
	author = {A. Wu and K. Loutherback and G. Lambert and L. Est{\'e}vez-{S}almer{\'o}n and T. D. Tlsty and R. H. Austin and J. C. Sturm},
	title = {Cell motility and drug gradients in the emergence of resistance to chemotherapy},
	volume = {110},
	number = {40},
	pages = {16103--16108},
	year = {2013},
	journal = {Proc. Natl. Acad. Sci. U.S.A.}
}

@article{Allison2011,
	Author = {K. R. Allison and M. P. Brynildsen and J. J. Collins},
	Day = {11},
	Journal = {Nature},
	L3 = {10.1038/nature10069; https://www.nature.com/articles/nature10069#supplementary-information},
	Pages = {216 EP  -},
	Publisher = {Nature Publishing Group, a division of Macmillan Publishers Limited. All Rights Reserved. SN  -},
	Title = {Metabolite-enabled eradication of bacterial persisters by aminoglycosides},
	Ty = {JOUR},
	Volume = {473},
	Year = {2011}
}

@article{Levin2010,
author = {B. R. Levin and K. I. Udekwu}, 
title = {Population Dynamics of Antibiotic Treatment: a Mathematical Model and Hypotheses for Time-Kill and Continuous-Culture Experiments},
volume = {54}, 
number = {8}, 
pages = {3414--3426}, 
year = {2010}, 
journal = {Antimicrob. Agents Chemother.} 
}

@article{Brown1990,
author = {M. R. W. Brown and P. J. Collier and P. Gilbert}, 
title = {Influence of growth rate on susceptibility to antimicrobial agents: modification of the cell envelope and batch and continuous culture studies},
volume = {34}, 
number = {9}, 
pages = {1623--1628}, 
year = {1990}, 
journal = {Antimicrob. Agents Chemother.} 
}

@article{Cozens1986,
author = {R. M. Cozens and E. I. Tuomanen and W.  Tosch and O. Zak and J. Suter and A. Tomasz}, 
title = {Evaluation of the bactericidal activity of $\beta$-lactam antibiotics on slowly growing bacteria cultured in the chemostat},
volume = {29}, 
number = {5}, 
pages = {797--802}, 
year = {1986}, 
journal = {Antimicrob. Agents Chemother.} 
}

@article {Tuomanen1987,
	author = {Tuomanen, Elaine I. and Schwartz, Jill},
	title = {Penicillin-binding protein 7 and its relationship to lysis of nongrowing \emph{Escherichia coli}},
	volume = {169},
	number = {11},
	pages = {4912--4915},
	year = {1987},
	journal = {J. Bacteriol.}
}

@article{Tuomanen1986,
   author = "Tuomanen, E. I. and Cozens, R. M. and Tosch, W. and Zak, O. and Tomasz, A.",
   title = "The Rate of Killing of Escherichia coli by $\beta$-Lactam Antibiotics Is Strictly Proportional to the Rate of Bacterial Growth",
   journal = "J. Gen. Microbiol.",
   year = "1986",
   volume = "132",
   number = "5", 
   pages = "1297--1304"
}

@article {Lee2018,
	author = {A. J. Lee and S. Wang and H. R. Meredith and B. Zhuang and Z. Dai and L. You},
	title = {Robust, linear correlations between growth rates and $\beta$-lactam--mediated lysis rates},
	volume = {115},
	number = {16},
	pages = {4069--4074},
	year = {2018},
	journal = {Proc. Natl. Acad. Sci. U.S.A.}
}

@article {Kogut1969,
author = {M. Kogut and M. Harris},
title = {Effects of Streptomycin in Bacterial Cultures Growing at Different Rates; Interaction with Bacterial Ribosomes in vivo},
journal = {European J. Biochem.},
volume = {9},
number = {1},
pages = {42--49},
year = {1969},
}

@article{Lukacisinova2017,
title = "Toward a quantitative understanding of antibiotic resistance evolution",
journal = "Curr. Opin. Biotechnol.",
volume = "46",
pages = "90--97",
year = "2017",
author = "M. Luka\v{c}i\v{s}inov\'{a} and T. Bollenbach"
}

@article{Maitra2016,
title = "Modeling the Overproduction of Ribosomes when Antibacterial Drugs Act on Cells",
journal = "Biophys. J.",
volume = "110",
number = "3",
pages = "743--748",
year = "2016",
author = "A. Maitra and K. A. Dill"
}

@article{Lebeaux2014,
author = {D. Lebeaux and J.-M. Ghigo and C. Beloin}, 
title = {Biofilm-Related Infections: Bridging the Gap between Clinical Management and Fundamental Aspects of Recalcitrance toward Antibiotics},
volume = {78}, 
pages = {510--543}, 
year = {2014}, 
journal = {Microbiol. Mol. Biol. Rev.} 
}

@article {Chiang2012,
author = {Chiang, Wen-Chi and Pamp, SÃ¼nje Johanna and Nilsson, Martin and Givskov, Michael and Tolker-Nielsen, Tim},
title = {The metabolically active subpopulation in Pseudomonas aeruginosa biofilms survives exposure to membrane-targeting antimicrobials via distinct molecular mechanisms},
journal = {FEMS Immunol. Med. Microbiol.},
volume = {65},
number = {2},
pages = {245--256},
keywords = {biofilm, membrane-targeting antimicrobials, tolerance, Pseudomonas aeruginosa},
year = {2012}
}

@article{Williamson2012,
author = {Williamson, Kerry S. and Richards, Lee A. and Perez-Osorio, Ailyn C. and Pitts, Betsey and Mcinnerney, Kathleen and Stewart, Philip S. and Franklin, Michael J.}, 
title = {Heterogeneity in Pseudomonas aeruginosa biofilms includes expression of ribosome hibernation factors in the antibiotic tolerant subpopulation and hypoxia induced stress response in the metabolically active population},
year = {2012}, 
journal = {J. Bacteriol.} 
}

@article {Pamp2008,
author = {S. J. Pamp and M. Gjermansen and H. K.  Johansen and T. Tolker-{N}ielsen},
title = {Tolerance to the antimicrobial peptide colistin in {\em P}{\em seudomonas aeruginosa} biofilms is linked to metabolically active cells, and depends on the {\em pmr} and {\em mexAB-oprM} genes},
journal = {Mol. Microbiol.},
volume = {68},
number = {1},
pages = {223--240},
year = {2008}
}

@article{Haagensen2007,
author = {J. A. J. Haagensen, and M. Klausen and R. K. Ernst and S. I. Miller and A. Folkesson and T. Tolker-{N}ielsen and S. Molin}, 
title = {Differentiation and Distribution of Colistin- and Sodium Dodecyl Sulfate-Tolerant Cells in {\em{{P}seudomonas aeruginosa}} Biofilms},
volume = {189}, 
number = {1}, 
pages = {28--37}, 
year = {2007}, 
journal = {J. Bacteriol.} 
}

@article{Banin2006,
author = {E. Banin and K. M. Brady and P. E. Greenberg}, 
title = {Chelator-Induced Dispersal and Killing of {\em {{P}seudomonas aeruginosa}} Cells in a Biofilm},
volume = {72}, 
number = {3}, 
pages = {2064--2069}, 
year = {2006}, 
journal = {Appl. Environ. Microbiol.} 
}



@article{Walters2003,
author = {M. C. Walters and F. Roe and A. Bugnicourt and M. J. Franklin and P. S. Stewart}, 
title = {Contributions of Antibiotic Penetration, Oxygen Limitation, and Low Metabolic Activity to Tolerance of Pseudomonas aeruginosa Biofilms to Ciprofloxacin and Tobramycin},
volume = {47}, 
number = {1}, 
pages = {317--323}, 
year = {2003}, 
journal = {Antimicrob. Agents Chemother.} 
}

@book{Murray2002,
    author    = "J. D. Murray",
    title     = "Mathematical Biology ",
    year      = "2002",
    publisher = "Springer",
    address   = "New York"
}

@book{bergbook,
    author    = "H. C. Berg",
    title     = "Random Walks in Biology",
    year      = "1993",
    publisher = "Princeton University Press",
    address   = "Princeton, NJ"
}

@article{Fisher1937,
author = {Fisher, R. A.},
title = {The wave of advance of advantageous genes},
journal = {Ann. Eugen.},
volume = {7},
number = {4},
pages = {355--369},
year = {1937}
}

@article{Kolmogorov1937,
author = {A. Kolmogorov and I. Petrovskii and N. Piskunov},
title = {Studies of the diffusion with the increasing quantity of the substance; its applixation to a biological problem},
journal = {Bull. Moscow Univ., Math. Mech.},
volume = {1},
pages = {1--26},
year = {1937}
}

@article{Pankey2004,
author = {Pankey, G. A. and Sabath, L. D.},
title = {Clinical Relevance of Bacteriostatic versus Bactericidal Mechanisms of Action in the Treatment of Gram-Positive Bacterial Infections},
journal = {Clin. Infect. Dis.},
volume = {38},
number = {6},
pages = {864--870},
year = {2004}
}

@article {Haldane1956,
    author = {J. B.S. Haldane},
	title = {The relation between density regulation and natural selection},
	volume = {145},
	number = {920},
	pages = {306--308},
	year = {1956},
	journal = {Proc. R. Soc. London, Ser. B}
}

@article {Johnson2005,
	author = {T. Johnson and N. H. Barton},
	title = {Theoretical models of selection and mutation on quantitative traits},
	volume = {360},
	number = {1459},
	pages = {1411--1425},
	year = {2005},
	journal = {Proc. R. Soc. London, Ser. B}
}

@article{Sexton2009,
author = {J. P. Sexton and P. J. Mc{I}ntyre and A. L. Angert and K. J. Rice},
title = {Evolution and Ecology of Species Range Limits},
journal = {Annu. Rev. Ecol. Syst.},
volume = {40},
number = {1},
pages = {415--436},
year = {2009}
}

@article{Kirkpatrick1997,
  title={Evolution of a species' range},
  author={M. Kirkpatrick and N. H. Barton},
  journal={Am. Nat.},
  year={1997},
  volume={150},
  pages={1--23}
}

@article{Alleaume2006,
author = {M. Alleaume-{B}enharira and I. R. Pen and O. Ronce},
title = {Geographical patterns of adaptation within a speciesâ€™ range: interactions between drift and gene flow},
journal = {J. Evol. Biol.},
volume = {19},
number = {1},
year = {2006},
pages = {203--215}
}

@article{Bridle2010,
author = {J. R. Bridle and J. Polechov\'{a} and M. Kawata and R. K. Butlin},
title = {Why is adaptation prevented at ecological margins? New insights from individual-based simulations},
journal = {Ecol. Lett.},
volume = {13},
number = {4},
year = {2010},
pages = {485--494}
}

@article {Polechova2015,
	author = {J. Polechov{\'a} and N. H. Barton},
	title = {Limits to adaptation along environmental gradients},
	volume = {112},
	number = {20},
	pages = {6401--6406},
	year = {2015},
	journal = {Proc. Natl. Acad. Sci. U.S.A.}
}

@article{Case2000,
author = {T. J. Case and M. L. Taper},
title = {Interspecific Competition, Environmental Gradients, Gene Flow, and the Coevolution of Species' Borders.},
journal = {Am. Nat.},
volume = {155},
number = {5},
pages = {583--605},
year = {2000}
}

@article {Kepler1998,
	author = {T. B. Kepler and A. S. Perelson},
	title = {Drug concentration heterogeneity facilitates the evolution of drug resistance},
	volume = {95},
	number = {20},
	pages = {11514--11519},
	year = {1998},
	journal = {Proc. Natl. Acad. Sci. U.S.A.}
}

@article{Hermsen2010,
  title = {Sources and Sinks: A Stochastic Model of Evolution in Heterogeneous Environments},
  author = {R. Hermsen and T. Hwa},
  journal = {Phys. Rev. Lett.},
  volume = {105},
  issue = {24},
  pages = {248104},
  numpages = {4},
  year = {2010}
}

@article {Regoes2004,
	author = {R. R. Regoes and C. Wiuff and R. M. Zappala and K. N. Garner and F. Baquero and B. R.  Levin},
	title = {Pharmacodynamic Functions: a Multiparameter Approach to the Design of Antibiotic Treatment Regimens},
	volume = {48},
	number = {10},
	pages = {3670--3676},
	year = {2004},
	journal = {Antimicrob. Agents Chemother.}
}

@article{Monod1949,
author = {Monod, J.},
title = {The Growth of Bacterial Cultures},
journal = {Annu. Rev. Microbiol.},
volume = {3},
number = {1},
pages = {371--394},
year = {1949}
}

@article{DeJong2018,
  title = {Tuning Spatial Profiles of Selection Pressure to Modulate the Evolution of Drug Resistance},
  author = {M. G. De Jong and K. B. Wood},
  journal = {Phys. Rev. Lett.},
  volume = {120},
  issue = {23},
  pages = {238102},
  numpages = {6},
  year = {2018}
}

@article {Pickett1995,
	author = {Pickett, S. T. A. and Cadenasso, M. L.},
	title = {Landscape Ecology: Spatial Heterogeneity in Ecological Systems},
	volume = {269},
	number = {5222},
	pages = {331--334},
	year = {1995},
	journal = {Science}
}

@article{Allen2017,
	Author = {B. Allen and G. Lippner and Y-{T}. Chen and B. Fotouhi and N. Momeni and S.-T.Yau and M. A. Nowak},
	Journal = {Nature},
	Pages = {227},
	Title = {Evolutionary dynamics on any population structure},
	Volume = {544},
	Year = {2017}
}

@article {Real2007,
    author = {L. A. Real and R. Biek},
	title = {Spatial dynamics and genetics of infectious diseases on heterogeneous landscapes},
	volume = {4},
	number = {16},
	pages = {935--948},
	year = {2007},
	journal = {	J. R. Soc., Interface}
}

@article {Whitlock2005,
	author = {M. C. Whitlock and R. Gomulkiewicz},
	title = {Probability of Fixation in a Heterogeneous Environment},
	volume = {171},
	number = {3},
	pages = {1407--1417},
	year = {2005},
	journal = {Genetics}
}

@article{Farhang2017,
    author = {S. Farhang-Sardroodi AND A. H. Darooneh AND M. Nikbakht AND N. L. Komarova AND M. Kohandel},
    journal = {PLoS Comput. Biol.},
    publisher = {Public Library of Science},
    title = {The effect of spatial randomness on the average fixation time of mutants},
    year = {2017},
    volume = {13},
    number = {11}}
}

@article {Gandhi2016,
	author = {S. R. Gandhi and E. A. Yurtsev and K. S.  Korolev and J. Gore},
	title = {Range expansions transition from pulled to pushed waves as growth becomes more cooperative in an experimental microbial population},
	volume = {113},
	number = {25},
	pages = {6922--6927},
	year = {2016},
	publisher = {National Academy of Sciences},
	journal = {Proc. Natl. Acad. Sci. U.S.A.}
}

@article{VanSaarloos2003,
title = "Front propagation into unstable states",
journal = "Phys. Rep.",
volume = "386",
number = "2",
pages = "29--222",
year = "2003",
author = "W. van {S}aarloos"
}

@article {Perron2007,
	author = {G. G. Perron and A. Gonzalez and A. Buckling},
	title = {Source{\textendash}sink dynamics shape the evolution of antibiotic resistance and its pleiotropic fitness cost},
	volume = {274},
	number = {1623},
	pages = {2351--2356},
	year = {2007},
	journal = {Proc. R. Soc. London, Ser. B}
}

@article {Marr1991,
	author = {Marr, A. G.},
	title = {Growth rate of {\em Escherichia coli.}},
	volume = {55},
	number = {2},
	pages = {316--333},
	year = {1991},
	journal = {Microbiol. Rev.}
}

@article {Hallatschek2011,
	author = {O. Hallatschek},
	title = {The noisy edge of traveling waves},
	volume = {108},
	pages = {1783--1787},
	year = {2011},
	publisher = {National Academy of Sciences},
	issn = {0027-8424},
	URL = {http://www.pnas.org/content/108/5/1783},
	eprint = {http://www.pnas.org/content/108/5/1783.full.pdf},
	journal = {Proc. Natl. Acad. Sci. U.S.A.}
}

@article{Fisher2013,
  author={D. S Fisher},
  title={Asexual evolution waves: fluctuations and universality},
  journal={J. Stat. Mech.: Theory Exp.},
  volume={2013},
  pages={P01011},
  url={http://stacks.iop.org/1742-5468/2013/i=01/a=P01011},
  year={2013}
}

@article {Bonhoeffer1997,
	author = {S. Bonhoeffer and M. Lipsitch and B. R.  Levin},
	title = {Evaluating treatment protocols to prevent antibiotic resistance},
	volume = {94},
	pages = {12106--12111},
	year = {1997},
	publisher = {National Academy of Sciences},
	issn = {0027-8424},
	URL = {http://www.pnas.org/content/94/22/12106},
	eprint = {http://www.pnas.org/content/94/22/12106.full.pdf},
	journal = {Proc. Natl. Acad. Sci. U.S.A.}
}

@article {Birzu2018,
	author = {G. Birzu and O. Hallatschek and  K. S. Korolev},
	title = {Fluctuations uncover a distinct class of traveling waves},
	volume = {115},
	number = {16},
	pages = {E3645--E3654},
	year = {2018},
	publisher = {National Academy of Sciences},
	issn = {0027-8424},
	URL = {http://www.pnas.org/content/115/16/E3645},
	eprint = {http://www.pnas.org/content/115/16/E3645.full.pdf},
	journal = {Proc. Natl. Acad. Sci. U.S.A.}
}

@article{Wang2015,
    author = {Wang, Y. AND Ran, M. AND Wang, J. AND Ouyang, Q. AND Luo, C.},
    journal = {PLoS One},
    publisher = {Public Library of Science},
    title = {Studies of Antibiotic Resistance of Beta-Lactamase Bacteria under Different Nutrition Limitations at the Single-Cell Level},
    year = {2015},
    volume = {10},
    url = {https://doi.org/10.1371/journal.pone.0127115},
    pages = {e0127115},
    number = {5},
    doi = {10.1371/journal.pone.0127115}
}
